<?xml version="1.0" encoding="UTF-8"?><collection xmlns="http://www.loc.gov/MARC21/slim"><record><leader>00473nam--2200157-i-4500</leader><controlfield tag="001">000023686</controlfield><controlfield tag="002">20161230</controlfield><controlfield tag="005">20161230201035</controlfield><controlfield tag="008">060222s1000------------r-----000-0-eng-d</controlfield><datafield ind1=" " ind2=" " tag="080"><subfield code="a">681.3.02(082.1)</subfield></datafield><datafield ind1=" " ind2=" " tag="100"><subfield code="a">Everling, W</subfield></datafield><datafield ind1=" " ind2=" " tag="245"><subfield code="a">Exercises in computer systems analysis.corrected reprint of the first edition</subfield></datafield><datafield ind1=" " ind2=" " tag="260"><subfield code="a">Berlin, Springer-verlag, 1975.Viii + 184p</subfield></datafield><datafield ind1=" " ind2=" " tag="490"><subfield code="a">Lecture Notes In Computer Science</subfield></datafield><datafield ind1=" " ind2=" " tag="700"><subfield code="a">Gross, G., Hartmanis, J</subfield></datafield><datafield ind1=" " ind2=" " tag="852"><subfield code="a">45381</subfield></datafield></record></collection>